
@book{goll2012methoden,
	title={Methoden des Software Engineering: Funktions-, daten-, objekt- und aspektorientiert entwickeln},
	author={Goll, J.},
	isbn={9783834824332},
	url={https://books.google.de/books?id=4wScMQEACAAJ},
	year={2012},
	publisher={Springer Fachmedien Wiesbaden}
}
@book{goll2018entwurfsprinzipien,
	title={Entwurfsprinzipien und Konstruktionskonzepte der Softwaretechnik: Strategien f{\"u}r schwach gekoppelte, korrekte und stabile Software},
	author={Goll, J.},
	isbn={9783658200558},
	url={https://books.google.de/books?id=kW9GDwAAQBAJ},
	year={2018},
	publisher={Springer Fachmedien Wiesbaden}
}
@book{martin2003agile,
	title={Agile Software Development: Principles, Patterns, and Practices},
	author={Martin, R.C. and Rabaey, J.M. and Chandrakasan, A.P. and Nikolic, B.},
	isbn={9780135974445},
	lccn={95022672},
	series={Alan Apt series},
	url={https://books.google.de/books?id=0HYhAQAAIAAJ},
	year={2003},
	publisher={Pearson Education}
}

@online{hdfs:main,
	author = {The Apache Software Foundation},
	title = {Apache Hadoop},
	url = {https://hadoop.apache.org/},
	urldate = {2019-09-19},
}


@online{hdfs:doc,
	author = {The Apache Software Foundation},
	title = {Apache Hadoop},
	subtitle = {Documentation},
	url = {https://hadoop.apache.org/docs/current/},
	urldate = {2019-09-19},
}

@online{infosphere:datastage,
	author = {IBM Knowledge Center},
	title = {IBM InfoSphere},
	subtitle = {DataStage},
	url = {https://www.ibm.com/support/knowledgecenter/en/SSZJPZ_9.1.0/com.ibm.swg.im.iis.ds.design.doc/topics/c_ddesref_Server_Job_Stages_.html},
	urldate = {2019-09-19},
}

@online{gitlab:main,
	author = {GitLab, Inc.},
	title = {The first single application for the entire DevOps lifecycle},
	url = {https://about.gitlab.com/},
	urldate = {2019-09-21},
}

@online{gitlab:ci:yaml,
	author = {GitLab, Inc.},
	title = {GitLab CI/CD},
	subtitle = {Pipeline Configuration Reference},
	url = {https://docs.gitlab.com/ee/ci/yaml/},
	urldate = {2019-09-19},
}

@online{jenkins:main,
	author = {jenkins.io},
	title = {Jenkins},
	subtitle = {Build great things at any scale},
	url = {https://jenkins.io/},
	urldate = {2019-09-19},
}

@online{jenkins:pipeline:jenkinsfile,
	author = {jenkins.io},
	title = {Using a Jenkinsfile},
	url = {https://jenkins.io/doc/book/pipeline/jenkinsfile/},
	urldate = {2019-09-19},
}

@online{quartz:main,
	author = {Terracotta, Inc.},
	title = {QuartzJob Scheduler},
	url = {http://www.quartz-scheduler.org/},
	urldate = {2019-09-19},
}

@online{quartz:overview,
	author = {Terracotta, Inc.},
	title = {QuartzJob Scheduler},
	subtitle = {Overview},
	url = {http://www.quartz-scheduler.org/overview/},
	urldate = {2019-09-19},
}

@online{quartz:quickstart,
	author = {Terracotta, Inc.},
	title = {Quartz Quick Start Guide},
	url = {http://www.quartz-scheduler.org/documentation/quartz-2.3.0/quick-start.html},
	urldate = {2019-09-19},
}



@online{cscs:high_throughput,
	author = {Swiss National Supercomputing Centre},
	title = {High Throughput Scheduler},
	url = {https://user.cscs.ch/tools/high_throughput/},
	urldate = {2019-09-19},
}



@online{camunda:main,
	author = {Camunda Services GmbH},
	title = {Workflow and Decision Automation Platform},
	url = {https://camunda.com/},
	urldate = {2019-09-19},
}

@online{camunda:process_engine_api,
	author = {Camunda Services GmbH},
	title = {Process Engine API},
	url = {https://docs.camunda.org/manual/7.6/user-guide/process-engine/process-engine-api},
	urldate = {2019-09-19},
}

@online{camunda:rest_api_reference,
	author = {Camunda Services GmbH},
	title = {Rest Api Reference},
	url = {https://docs.camunda.org/manual/7.8/reference/rest},
	urldate = {2019-09-19},
}


@online{luigi:etc:distributed_pipelines,
	author = {Data Revenue},
	title = {Distributed Python Machine Learning Pipelines},
	url = {https://www.datarevenue.com/en/blog/how-to-scale-your-machine-learning-pipeline},
	urldate = {2019-09-19},
}


@online{celery:main,
	author = {Ask Solem},
	title = {Celery: Distributed Task Queue},
	url = {http://www.celeryproject.org},
	urldate = {2019-09-19},
}


@online{nomad:main,
	author = {HashiCorp},
	title = {Nomad},
	url = {https://www.nomadproject.io/},
	urldate = {2019-09-19},
}

@online{nomad:vs:kubernetes,
	author = {HashiCorp},
	title = {Nomad},
	subtitle = {Nomad vs. Kubernetes},
	url = {https://www.nomadproject.io/intro/vs/kubernetes.html},
	urldate = {2019-09-19},
}

@online{nomad:etc:gui_thesis,
	author = {Bc. Pavel Peroutka},
	title = {Web interface for the deployment andmonitoring of Nomad jobs},
	subtitle = {Masterâ€™s thesis},
	url = {https://dspace.cvut.cz/bitstream/handle/10467/80106/F8-DP-2019-Peroutka-Pavel-thesis.pdf},
	urldate = {2019-09-22},
}



@online{dcache:main,
	author = {Patrick Fuhrmann, Tigran Mkrtchyan},
	title = {dCache},
	subtitle = {Scope of the project},
	url = {https://www.dcache.org},
	urldate = {2019-09-19},
}

@online{dcache:overview:whitepaper,
	author = {Patrick Fuhrmann},
	title = {dCache, the Overview},
	url = {https://www.dcache.org/manuals/dcache-whitepaper-light.pdf},
	urldate = {2019-09-19},
}


@online{zsync:main,
	author = {Colin Phipps},
	title = {zsync},
	subtitle = {Overview},
	url = {http://zsync.moria.org.uk/},
	urldate = {2019-09-19},
}


@online{alluxio:main,
	author = {Colin Phipps},
	title = {Alluxio},
	subtitle = {Data Orchestration for the Cloud},
	url = {https://www.alluxio.io},
	urldate = {2019-09-19},
}



@online{glusterfs:main,
	author = {Red Hat, Inc},
	title = {Gluster},
	subtitle = {Free and open source scalable network filesystem},
	url = {https://www.gluster.org},
	urldate = {2019-09-19},
}


@online{wiki:winslow:person,
    author = {Wikipedia contributors},
	title = {Frederick Winslow Taylor},
	subtitle = "{Wikipedia}{,} The Free Encyclopedia",
	url = {https://en.wikipedia.org/w/index.php?title=Frederick_Winslow_Taylor&oldid=913471357},
	urldate = {2019-09-19},
}


@online{qsub:etc:wiki,
	author = {Wikipedia contributors},
	title = {Qsub},
	subtitle = "{Wikipedia}{,} The Free Encyclopedia",
	url = {https://en.wikipedia.org/w/index.php?title=Qsub&oldid=745279355},
	urldate = {2019-09-22},
}

@online{qsub:etc:uiowa,
	author = {The University Of Iowa},
	title = {Basic Job Submission},
	subtitle = "HPC Documentation Home / Cluster Systems Documentation ",
	url = {https://wiki.uiowa.edu/display/hpcdocs/Basic+Job+Submission},
	urldate = {2019-09-22},
}

@online{docker:main,
	author = {Docker, Inc.},
	title = {Enterprise Container Platform},
	url = {https://www.docker.com/},
	urldate = {2019-09-22},
}
@online{docker:api,
	author = {Docker, Inc.},
	title = {Develop with Docker Engine API},
	url = {https://docs.docker.com/engine/api/},
	urldate = {2020-03-29},
}
@online{docker:hub,
	author = {Docker, Inc.},
	title = {Docker Hub},
	subtitle = {Build and Ship any Application Anywhere},
	url = {https://hub.docker.com/},
	urldate = {2019-09-22},
}
@online{docker:logo,
	author = {Docker, Inc.},
	title = {Docker},
	subtitle = {Docker Logos and Photos},
	url = {https://www.docker.com/company/newsroom/media-resources},
	urldate = {2020-01-16},
}
@online{docker:overview,
	author = {Docker, Inc.},
	title = {Docker Documentation},
	subtitle = {Docker overview},
	url = {https://docs.docker.com/engine/docker-overview/},
	urldate = {2020-01-16},
}
@online{docker:registry,
	author = {Docker, Inc.},
	title = {Docker Documentation},
	subtitle = {Docker Registry},
	url = {https://docs.docker.com/registry/},
	urldate = {2019-09-22},
}
@online{docker:swarm:key-concepts,
	author = {Docker, Inc.},
	title = {Docker Documentation},
	subtitle = {Swarm mode key concepts},
	url = {https://docs.docker.com/engine/swarm/key-concepts/},
	urldate = {2020-03-17},
}
@online{docker:acquisition,
	author = {Docker, Inc.},
	title = {Press Release},
	subtitle = {Docker Restructures and Secures \$35 Million to Advance Developer Workflows for Modern Applications},
	url = {https://www.docker.com/press-release/docker-new-direction},
	urldate = {2020-03-23},
}



@online{nvidia:docker_plugin,
	author = {NVIDIA},
	title = {NVIDIA Container Toolkit},
	url = {https://github.com/NVIDIA/nvidia-docker},
	urldate = {2020-03-29},
}
@online{angular,
	author = {Google},
	title = {Angular},
	url = {https://angular.io/},
	urldate = {2020-03-29},
}
@online{typescript,
	author = {Microsoft},
	title = {TypeScript},
	subtitle = {JavaScript that scales},
	url = {https://www.typescriptlang.org/},
	urldate = {2020-03-29},
}
@online{palermo:onion,
	author = {Jeffrey Palermo},
	title = {The Onion Architecture},
	url = {https://jeffreypalermo.com/2008/07/the-onion-architecture-part-1/},
	urldate = {2020-03-26},
}
@online{overlayfs,
	author = {Neil Brown},
	title = {Linux Kernel Documentation},
	subtitle = {Overlay Filesystem},
	url = {https://www.kernel.org/doc/Documentation/filesystems/overlayfs.txt},
	urldate = {2020-03-29},
}
@online{kafka,
	author = {The Apache Software Foundation},
	title = {Apache Kafka},
	url = {https://kafka.apache.org/},
	urldate = {2020-03-29},
}



@online{gnu:open,
	author = {GNU.org / The Free Software Foundation},
	title = {Opening and Closing Files},
	url = {https://www.gnu.org/software/libc/manual/html_node/Opening-and-Closing-Files.html},
	urldate = {2020-03-29},
}


@online{javadoc:standard_open_options:create_new,
	author = {Oracle},
	title = {Java Platform SE 7},
	subtitle = {StandardOpenOptions},
	url = {https://docs.oracle.com/javase/7/docs/api/java/nio/file/StandardOpenOption.html#CREATE_NEW},
	urldate = {2020-03-29},
}
@online{javadoc:files:write,
	author = {Oracle},
	title = {Java Platform SE 7},
	subtitle = {Files},
	url = {https://docs.oracle.com/javase/7/docs/api/java/nio/file/Files.html},
	urldate = {2020-03-29},
}


@online{http:methods,
	author = {IETF | Internet Engineering Task Force},
	title = {RFC 7231},
	subtitle = {Hypertext Transfer Protocol (HTTP/1.1)},
	url = {https://tools.ietf.org/html/rfc7231#section-4},
	urldate = {2020-03-29},
}
@online{nfs:pnfs,
	author = {IETF | Internet Engineering Task Force},
	title = {RFC 5661},
	subtitle = {Network File System (NFS) Version 4 Minor Version 1 Protocol},
	url = {https://tools.ietf.org/html/rfc5661\#section-1.7.2.2},
	urldate = {2020-03-26},
}
@online{nfs:ssc,
	author = {IETF | Internet Engineering Task Force},
	title = {RFC 7862},
	subtitle = {Network File System (NFS) Version 4 Minor Version 2 Protocol},
	url = {https://tools.ietf.org/html/rfc7862},
	urldate = {2020-03-29},
}


@online{linux:doc:proc,
	title = {The /proc filesystem},
	url = {https://www.kernel.org/doc/Documentation/filesystems/proc.txt},
	urldate = {2020-03-29},
}
@online{springboot,
	author = {VMware, Inc. or its affiliates},
	title = {Spring},
	url = {https://spring.io/},
	urldate = {2020-03-29},
}




@online{kubernetes:overview,
	author = {The Kubernetes Authors},
	title = {Kubernetes},
	subtitle = {What is Kubernetes},
	url = {https://kubernetes.io/docs/concepts/overview/what-is-kubernetes/},
	urldate = {2020-03-17},
}



@online{openio:main,
	author = {OpenIO},
	title = {High Performance Object Storage for Big Data and AI},
	url = {https://www.openio.io/},
	urldate = {2019-09-22},
}

@online{seeweedfs:main,
	author = {Chris Lu},
	title = {Simple and highly scalable distributed file system.},
	url = {https://github.com/chrislusf/seaweedfs},
	urldate = {2019-09-22},
}



@Inbook{Rosenberg2007,
	title="Use Case Modeling",
	bookTitle="Use Case Driven Object Modeling with UML: Theory and Practice",
	year="2007",
	publisher="Apress",
	address="Berkeley, CA",
	pages="49--82",
	abstract="With an initial domain model in place, it's time to begin writing use cases. Use cases give you a structured way of capturing the behavioral requirements of a system, so that you can reasonably create a design from them. They help you to answer some fundamental questions: What are the users of the system trying to do? What's the user experience? A surprising amount of what your software does is dictated by the way in which users must interact with it.",
	isbn="978-1-4302-0369-8",
	doi="10.1007/978-1-4302-0369-8_3",
	url="https://doi.org/10.1007/978-1-4302-0369-8_3"
}


@online{mecview:main,
	author = {Dr. RÃ¼diger W. Henn, MEC-View},
	title = {Mobile Edge Computing basierte Objekterkennung fÃ¼r hoch- und vollautomatisiertes Fahren},
	url = {http://mec-view.de/},
	urldate = {2019-09-29},
}

@misc{ wiki:winslow,
	author = "{Wikipedia contributors}",
	title = "Frederick Winslow Taylor --- {Wikipedia}{,} The Free Encyclopedia",
	year = "2020",
	url = "https://en.wikipedia.org/w/index.php?title=Frederick_Winslow_Taylor&oldid=945285142",
	note = "[Online; accessed 17-March-2020]"
}



